<record><leader>00000cas a2200000 a 4500</leader><controlfield tag="001">16853908</controlfield><controlfield tag="008">871015d19051974iluwn n       0    0eng c</controlfield><datafield ind1=" " ind2=" " tag="010"><subfield code="a">  2010271253</subfield></datafield><datafield ind1=" " ind2=" " tag="040"><subfield code="a">JFK</subfield><subfield code="b">eng</subfield><subfield code="c">JFK</subfield><subfield code="d">OCLCQ</subfield><subfield code="d">NVF</subfield><subfield code="d">OCLCF</subfield><subfield code="d">OCLCO</subfield><subfield code="d">NVF</subfield></datafield><datafield ind1=" " ind2=" " tag="042"><subfield code="a">pcc</subfield></datafield><datafield ind1=" " ind2=" " tag="043"><subfield code="a">n-us-il</subfield></datafield><datafield ind1="0" ind2=" " tag="130"><subfield code="a">Western courier (Macomb, Ill. : 1905)</subfield></datafield><datafield ind1="1" ind2="4" tag="245"><subfield code="a">The Western courier.</subfield></datafield><datafield ind1=" " ind2=" " tag="260"><subfield code="a">Macomb, Ill. :</subfield><subfield code="b">The students of Western Illinois State Normal School,</subfield><subfield code="c">1905-1974.</subfield></datafield><datafield ind1="3" ind2=" " tag="260"><subfield code="3">1908-1974</subfield><subfield code="a">Macomb, Ill. :</subfield><subfield code="b">Bitter Carrot Publications, Inc.</subfield></datafield><datafield ind1=" " ind2=" " tag="300"><subfield code="a">v.</subfield><subfield code="b">ill.</subfield><subfield code="c">18-21 cm.</subfield></datafield><datafield ind1=" " ind2=" " tag="310"><subfield code="a">Weekly (during the school year),</subfield><subfield code="b">Jan. 16, 1908-1974</subfield></datafield><datafield ind1=" " ind2=" " tag="321"><subfield code="a">Monthly (during the school year),</subfield><subfield code="b">Nov. 15, 1905-May 1907</subfield></datafield><datafield ind1="1" ind2=" " tag="362"><subfield code="a">Began in 1905.</subfield></datafield><datafield ind1="0" ind2=" " tag="362"><subfield code="a">-v. 74, no. 2 (July 17, 1974).</subfield></datafield><datafield ind1=" " ind2=" " tag="580"><subfield code="a">Merged with: Clionian (Macomb, Ill.), to form: Prairie star (Macomb, Ill.).</subfield></datafield><datafield ind1=" " ind2=" " tag="588"><subfield code="a">Description based on: Vol. 2, no. 1 (Nov. 15, 1905).</subfield></datafield><datafield ind1="2" ind2="0" tag="610"><subfield code="a">Western Illinois University</subfield><subfield code="v">Newspapers.</subfield></datafield><datafield ind1=" " ind2="0" tag="650"><subfield code="a">College student newspapers and periodicals</subfield><subfield code="z">Illinois</subfield><subfield code="z">Macomb.</subfield></datafield><datafield ind1=" " ind2="0" tag="651"><subfield code="a">Macomb (Ill.)</subfield><subfield code="v">Newspapers.</subfield></datafield><datafield ind1="2" ind2="7" tag="610"><subfield code="a">Western Illinois University.</subfield><subfield code="2">fast</subfield><subfield code="0">(OCoLC)fst00539865</subfield></datafield><datafield ind1=" " ind2="7" tag="650"><subfield code="a">College student newspapers and periodicals.</subfield><subfield code="2">fast</subfield><subfield code="0">(OCoLC)fst00867966</subfield></datafield><datafield ind1=" " ind2="7" tag="651"><subfield code="a">Illinois</subfield><subfield code="z">Macomb.</subfield><subfield code="2">fast</subfield><subfield code="0">(OCoLC)fst01202916</subfield></datafield><datafield ind1=" " ind2="7" tag="655"><subfield code="a">Newspapers.</subfield><subfield code="2">fast</subfield><subfield code="0">(OCoLC)fst01423814</subfield></datafield><datafield ind1="2" ind2=" " tag="710"><subfield code="a">Western Illinois University.</subfield><subfield code="k">Newspapers.</subfield></datafield><datafield ind1=" " ind2=" " tag="752"><subfield code="a">United States</subfield><subfield code="b">Illinois</subfield><subfield code="c">McDonough</subfield><subfield code="d">Macomb.</subfield></datafield><datafield ind1="0" ind2="0" tag="780"><subfield code="t">Clionian (Macomb, Ill.)</subfield><subfield code="w">(DLC)  2010271252</subfield><subfield code="w">(OCoLC)540643828</subfield></datafield><datafield ind1="1" ind2="7" tag="785"><subfield code="t">Western catalyst</subfield><subfield code="w">(DLC)  2010271295</subfield><subfield code="w">(OCoLC)670251200</subfield></datafield><datafield ind1="1" ind2="7" tag="785"><subfield code="t">Prairie star (Macomb, Ill.)</subfield><subfield code="w">(DLC)  2010271296</subfield><subfield code="w">(OCoLC)670239484</subfield></datafield><datafield ind1="0" ind2="8" tag="776"><subfield code="i">Online version:</subfield><subfield code="t">Western courier (Macomb, Ill. : 1905)</subfield><subfield code="w">(OCoLC)910488395</subfield></datafield></record>